@article{rubenstein_2017_decoupling,
  author = {Rubenstein, Madeleine A. and Crowther, Thomas W. and Maynard, Daniel S. and Schilling, Jonathan S. and Bradford, Mark A.},
  month = {09},
  pages = {110-116},
  title = {Decoupling direct and indirect effects of temperature on decomposition},
  doi = {10.1016/j.soilbio.2017.05.005},
  volume = {112},
  year = {2017},
  journal = {Soil Biology and Biochemistry}
}

@article{huang_2022_functional,
  author = {Huang, Changjiang and Wu, Xiaoqing and Liu, Xiaoyu and Fang, Yuting and Liu, Lei and Wu, Chuansheng},
  month = {02},
  pages = {151377},
  title = {Functional fungal communities dominate wood decomposition and are modified by wood traits in a subtropical forest},
  doi = {10.1016/j.scitotenv.2021.151377},
  url = {https://www.sciencedirect.com/science/article/pii/S004896972106455X},
  urldate = {2023-12-15},
  volume = {806},
  year = {2022},
  journal = {Science of The Total Environment}
}

@article{bettuci_1992_interspecific,
  author = {Bettuci, L and Silva, S},
  pages = {11–19},
  title = {Interspecific interactions between wood-rotting fungi from old standing trees},
  url = {https://pascal-francis.inist.fr/vibad/index.php?action=getRecordDetail&idt=5443201},
  urldate = {2023-12-15},
  volume = {13},
  year = {1992},
  journal = {Interspecific interactions between wood-rotting fungi from old standing trees}
}

@article{lamour_2000_modelling,
  author = {Lamour, A.},
  month = {12},
  pages = {329-346},
  title = {Modelling the growth of soil-borne fungi in response to carbon and nitrogen},
  doi = {10.1093/imammb/17.4.329},
  urldate = {2021-12-30},
  volume = {17},
  year = {2000},
  journal = {Mathematical Medicine and Biology}
}

@article{lustenhouwer_2020_a,
  author = {Lustenhouwer, Nicky and Maynard, Daniel S. and Bradford, Mark A. and Lindner, Daniel L. and Oberle, Brad and Zanne, Amy E. and Crowther, Thomas W.},
  month = {05},
  pages = {11551-11558},
  title = {A trait-based understanding of wood decomposition by fungi},
  doi = {10.1073/pnas.1909166117},
  url = {https://www.pnas.org/content/pnas/suppl/2020/05/13/1909166117.DCSupplemental/pnas.1909166117.sapp.pdf},
  urldate = {2021-02-08},
  volume = {117},
  year = {2020},
  journal = {Proceedings of the National Academy of Sciences}
}

@article{glassman_2018_decomposition,
  author = {Glassman, Sydney I. and Weihe, Claudia and Li, Junhui and Albright, Michaeline B. N. and Looby, Caitlin I. and Martiny, Adam C. and Treseder, Kathleen K. and Allison, Steven D. and Martiny, Jennifer B. H.},
  month = {11},
  pages = {11994–11999},
  title = {Decomposition responses to climate depend on microbial community composition},
  doi = {10.1073/pnas.1811269115},
  url = {https://www.pnas.org/content/115/47/11994},
  volume = {115},
  year = {2018},
  journal = {Proceedings of the National Academy of Sciences}
}